@ARTICLE{7436772,
	author={Brunato, Mauro and Battiti, Roberto},
	journal={IEEE Transactions on Neural Networks and Learning Systems}, 
	title={A Telescopic Binary Learning Machine for Training Neural Networks}, 
	year={2017},
	volume={28},
	number={3},
	pages={665-677},
	keywords={Optimization;Training;Encoding;Neurons;Biological neural networks;Search problems;Incremental local search;neural networks;stochastic local search (SLS)},
	doi={10.1109/TNNLS.2016.2537300}}

@inproceedings{Lang2018LearningTT,
	title={Learning to Tell Two Spirals Apart},
	author={Kevin J. Lang and M. Witbrock},
	year={2018},
	url={https://api.semanticscholar.org/CorpusID:59803371}
}